<?xml version="1.0" encoding="UTF-8"?><record xmlns="http://www.loc.gov/MARC21/slim" xmlns:cinclude="http://apache.org/cocoon/include/1.0" xmlns:zs="http://www.loc.gov/zing/srw/">
  <leader>00909nz  a2200217n  4500</leader>
  <controlfield tag="001">no 00062980 </controlfield>
  <controlfield tag="003">DLC</controlfield>
  <controlfield tag="005">20000805064337.0</controlfield>
  <controlfield tag="008">000804n| acabbaaa           |a ana     c</controlfield>
  <datafield tag="010" ind1=" " ind2=" ">
    <subfield code="a">no 00062980 </subfield>
  </datafield>
  <datafield tag="035" ind1=" " ind2=" ">
    <subfield code="a">(OCoLC)oca05281873</subfield>
  </datafield>
  <datafield tag="040" ind1=" " ind2=" ">
    <subfield code="a">TxU</subfield>
    <subfield code="b">eng</subfield>
    <subfield code="c">TxU</subfield>
  </datafield>
  <datafield tag="130" ind1=" " ind2="0">
    <subfield code="a">40 años</subfield>
  </datafield>
  <datafield tag="430" ind1=" " ind2="0">
    <subfield code="a">Cuarenta años</subfield>
  </datafield>
  <datafield tag="410" ind1="1" ind2=" ">
    <subfield code="a">Colombia.</subfield>
    <subfield code="b">Departamento de Planeación Nacional.</subfield>
    <subfield code="t">40 años</subfield>
  </datafield>
  <datafield tag="643" ind1=" " ind2=" ">
    <subfield code="a">Santafé de Bogotá, Colombia</subfield>
    <subfield code="b">Departamento Nacional de Planeación</subfield>
    <subfield code="b">TM Editores</subfield>
  </datafield>
  <datafield tag="644" ind1=" " ind2=" ">
    <subfield code="a">f</subfield>
    <subfield code="5">TxU</subfield>
  </datafield>
  <datafield tag="645" ind1=" " ind2=" ">
    <subfield code="a">t</subfield>
    <subfield code="5">DPCC</subfield>
    <subfield code="5">TxU</subfield>
  </datafield>
  <datafield tag="646" ind1=" " ind2=" ">
    <subfield code="a">s</subfield>
    <subfield code="5">TxU</subfield>
  </datafield>
  <datafield tag="667" ind1=" " ind2=" ">
    <subfield code="a">Document</subfield>
  </datafield>
  <datafield tag="670" ind1=" " ind2=" ">
    <subfield code="a">Hacia el rediseño del Estado, 1999:</subfield>
    <subfield code="b">t.p. (40 años) front flap ("el Departamento Nacional de Planeación se complace en presentar su colección editorial 40 años"; made up of over 40 titles on various topics: finanzas y gestión pública, desarrollo económico nacional y regional, medio ambiente, etc.)</subfield>
  </datafield>
</record>